%YAML 1.1
%TAG !u! tag:unity3d.com,2011:
--- !u!243 &-6712122577671058527
AudioMixerGroupController:
  m_ObjectHideFlags: 0
  m_CorrespondingSourceObject: {fileID: 0}
  m_PrefabInstance: {fileID: 0}
  m_PrefabAsset: {fileID: 0}
  m_Name: Music
  m_AudioMixer: {fileID: 24100000}
  m_GroupID: 186c42176c6375d42ba349c4737b9c90
  m_Children: []
  m_Volume: 13d5e5922ea30ef4ea67d3089d945387
  m_Pitch: df5ab0cdcc4c80845a68ee658ccddda5
  m_Send: 00000000000000000000000000000000
  m_Effects:
  - {fileID: 284088099633452111}
  m_UserColorIndex: 0
  m_Mute: 0
  m_Solo: 0
  m_BypassEffects: 0
--- !u!241 &24100000
AudioMixerController:
  m_ObjectHideFlags: 0
  m_CorrespondingSourceObject: {fileID: 0}
  m_PrefabInstance: {fileID: 0}
  m_PrefabAsset: {fileID: 0}
  m_Name: GameAudio
  m_OutputGroup: {fileID: 0}
  m_MasterGroup: {fileID: 24300002}
  m_Snapshots:
  - {fileID: 24500006}
  m_StartSnapshot: {fileID: 24500006}
  m_SuspendThreshold: -80
  m_EnableSuspend: 1
  m_UpdateMode: 0
  m_ExposedParameters: []
  m_AudioMixerGroupViews:
  - guids:
    - c33df06c6c3a1974f957f3d6320b68ae
    - 186c42176c6375d42ba349c4737b9c90
    - 72ea132b55ed15e44b49d5e8d900cc87
    name: View
  m_CurrentViewIndex: 0
  m_TargetSnapshot: {fileID: 24500006}
--- !u!243 &24300002
AudioMixerGroupController:
  m_ObjectHideFlags: 0
  m_CorrespondingSourceObject: {fileID: 0}
  m_PrefabInstance: {fileID: 0}
  m_PrefabAsset: {fileID: 0}
  m_Name: Master
  m_AudioMixer: {fileID: 24100000}
  m_GroupID: c33df06c6c3a1974f957f3d6320b68ae
  m_Children:
  - {fileID: 5710704867487852267}
  - {fileID: -6712122577671058527}
  m_Volume: 2dc87554020d36e4fa19a32582c5696b
  m_Pitch: 8f8000759ac7e3a46ac3a244ec887532
  m_Send: 00000000000000000000000000000000
  m_Effects:
  - {fileID: 24400004}
  m_UserColorIndex: 0
  m_Mute: 0
  m_Solo: 0
  m_BypassEffects: 0
--- !u!244 &24400004
AudioMixerEffectController:
  m_ObjectHideFlags: 3
  m_CorrespondingSourceObject: {fileID: 0}
  m_PrefabInstance: {fileID: 0}
  m_PrefabAsset: {fileID: 0}
  m_Name: 
  m_EffectID: 2a01003d4a87c084db9f3191602257b9
  m_EffectName: Attenuation
  m_MixLevel: a329de469af9c6f438befaa8bf58e712
  m_Parameters: []
  m_SendTarget: {fileID: 0}
  m_EnableWetMix: 0
  m_Bypass: 0
--- !u!245 &24500006
AudioMixerSnapshotController:
  m_ObjectHideFlags: 0
  m_CorrespondingSourceObject: {fileID: 0}
  m_PrefabInstance: {fileID: 0}
  m_PrefabAsset: {fileID: 0}
  m_Name: Snapshot
  m_AudioMixer: {fileID: 24100000}
  m_SnapshotID: 30d715d9f1309124eb918946a47c69cd
  m_FloatValues:
    2dc87554020d36e4fa19a32582c5696b: -9.833286
    1abfc63e8c5e2c14a9e5a2b30f37849f: -10.345207
  m_TransitionOverrides: {}
--- !u!244 &284088099633452111
AudioMixerEffectController:
  m_ObjectHideFlags: 3
  m_CorrespondingSourceObject: {fileID: 0}
  m_PrefabInstance: {fileID: 0}
  m_PrefabAsset: {fileID: 0}
  m_Name: 
  m_EffectID: bace19b72dce47b489c719735c0d14b8
  m_EffectName: Attenuation
  m_MixLevel: 37bdc9317e140d046b993394432ff596
  m_Parameters: []
  m_SendTarget: {fileID: 0}
  m_EnableWetMix: 0
  m_Bypass: 0
--- !u!244 &2130823247349545907
AudioMixerEffectController:
  m_ObjectHideFlags: 3
  m_CorrespondingSourceObject: {fileID: 0}
  m_PrefabInstance: {fileID: 0}
  m_PrefabAsset: {fileID: 0}
  m_Name: 
  m_EffectID: 39ea2c6eb3cabac43acfe909f8e5ea3e
  m_EffectName: Attenuation
  m_MixLevel: d066433ca75d5a540b9cb65275182d79
  m_Parameters: []
  m_SendTarget: {fileID: 0}
  m_EnableWetMix: 0
  m_Bypass: 0
--- !u!243 &5710704867487852267
AudioMixerGroupController:
  m_ObjectHideFlags: 0
  m_CorrespondingSourceObject: {fileID: 0}
  m_PrefabInstance: {fileID: 0}
  m_PrefabAsset: {fileID: 0}
  m_Name: SoundEffects
  m_AudioMixer: {fileID: 24100000}
  m_GroupID: 72ea132b55ed15e44b49d5e8d900cc87
  m_Children: []
  m_Volume: 1abfc63e8c5e2c14a9e5a2b30f37849f
  m_Pitch: cc810f96e30346b46bfdf9a049c73c57
  m_Send: 00000000000000000000000000000000
  m_Effects:
  - {fileID: 2130823247349545907}
  m_UserColorIndex: 0
  m_Mute: 0
  m_Solo: 0
  m_BypassEffects: 0
